@article{bui2015analysis,
  title={Analysis of docker security},
  author={Bui, Thanh},
  journal={arXiv preprint arXiv:1501.02967},
  year={2015}
}
