@article{jamshidi2018microservices,
  title     = {Microservices: The journey so far and challenges ahead},
  author    = {Jamshidi, Pooyan and Pahl, Claus and Mendon{\c{c}}a, Nabor C and Lewis, James and Tilkov, Stefan},
  journal   = {IEEE Software},
  volume    = {35},
  number    = {3},
  pages     = {24--35},
  year      = {2018},
  publisher = {IEEE}
}

@online{fowler2014microservices,
  title   = {Microservices},
  author  = {Fowler, Martin and Lewis, James},
  year    = {2014},
  url     = {https://martinfowler.com/articles/microservices.html},
  urldate = {2023-05-09}
}

@article{bui2015analysis,
  title   = {Analysis of docker security},
  author  = {Bui, Thanh},
  journal = {arXiv preprint arXiv:1501.02967},
  year    = {2015}
}

@online{docker-what,
  title   = {Use containers to Build, Share and Run your applications},
  author  = {Docker Authors},
  year    = {2023},
  url     = {https://www.docker.com/resources/what-container/},
  urldate = {2023-04-06}
}

@online{docker-overview,
  title   = {Docker overview},
  author  = {Docker Authors},
  year    = {2023},
  url     = {https://docs.docker.com/get-started/overview/},
  urldate = {2023-04-06}
}

@online{kubernetes,
  title   = {Kubernetes},
  author  = {Kubernetes Authors},
  year    = {2023},
  url     = {https://kubernetes.io/},
  urldate = {2023-03-31}
}

@online{k8s-docs-cluster-networking,
  title   = {Cluster Networking},
  author  = {Kubernetes Authors},
  year    = {2022},
  url     = {https://kubernetes.io/docs/concepts/cluster-administration/networking/},
  urldate = {2023-03-09}
}

@online{k8s-docs-pods,
  title   = {Pods},
  author  = {Kubernetes Authors},
  year    = {2023},
  url     = {https://kubernetes.io/concepts/workloads/pods/},
  urldate = {2023-04-04}
}

@online{k8s-docs-deployment,
  title   = {Deployments},
  author  = {Kubernetes Authors},
  year    = {2023},
  url     = {https://kubernetes.io/docs/concepts/workloads/controllers/deployment/},
  urldate = {2023-04-04}
}

@online{k8s-docs-services,
  title   = {Services},
  author  = {Kubernetes Authors},
  year    = {2023},
  url     = {https://kubernetes.io/docs/concepts/services-networking/service/},
  urldate = {2023-04-04}
}

@online{k8s-docs-namespaces,
  title   = {Namespaces},
  author  = {Kubernetes Authors},
  year    = {2023},
  url     = {https://kubernetes.io/docs/concepts/overview/working-with-objects/namespaces/},
  urldate = {2023-04-04}
}

@online{k8s-docs-pss,
  title   = {Pod Security Standards},
  author  = {Kubernetes Authors},
  year    = {2023},
  url     = {https://kubernetes.io/docs/concepts/security/pod-security-standards/},
  urldate = {2023-04-04}
}

@online{k8s-docs-admission,
  title   = {Admission Controllers Reference},
  author  = {Kubernetes Authors},
  year    = {2023},
  url     = {https://kubernetes.io/docs/reference/access-authn-authz/admission-controllers/},
  urldate = {2023-04-06}
}

@online{k8s-docs-psa,
  title   = {Pod Security Admission},
  author  = {Kubernetes Authors},
  year    = {2023},
  url     = {https://kubernetes.io/docs/concepts/security/pod-security-admission/},
  urldate = {2023-04-26}
}

@online{k8s-docs-control-plane,
  title   = {Kubernetes components},
  author  = {Kubernetes Authors},
  year    = {2023},
  url     = {https://kubernetes.io/docs/concepts/overview/components/},
  urldate = {2023-04-05}
}

@online{etcd,
  title   = {etcd},
  author  = {etcd Authors},
  year    = {2023},
  url     = {https://etcd.io/},
  urldate = {2023-04-05}
}

@online{cni,
  title   = {Container Network Interface (CNI) Specification},
  author  = {The CNI Authors},
  year    = {2023},
  url     = {https://www.cni.dev/docs/spec/},
  urldate = {2023-04-20}
}

@online{cni-tkng,
  title   = {CNI},
  author  = {The Kubernetes Networking Guide},
  year    = {2023},
  url     = {https://www.tkng.io/cni/},
  urldate = {2023-04-20}
}

@online{multus-cni,
  title   = {Multus-CNI},
  author  = {Network Plumbing Working Group},
  year    = {2023},
  url     = {https://github.com/k8snetworkplumbingwg/multus-cni},
  urldate = {2023-04-25}
}

@online{multus-cni-config,
  title   = {Multus-CNI Configuration Reference},
  author  = {Network Plumbing Working Group},
  year    = {2023},
  url     = {https://github.com/k8snetworkplumbingwg/multus-cni/blob/master/docs/configuration.md},
  urldate = {2023-04-25}
}

@online{libnetwork,
  title   = {libnetwork},
  author  = {Docker},
  year    = {2023},
  url     = {https://github.com/moby/moby/tree/master/libnetwork},
  urldate = {2023-03-10}
}

@article{qi2020assessing,
  title     = {Assessing container network interface plugins: Functionality, performance, and scalability},
  author    = {Qi, Shixiong and Kulkarni, Sameer G and Ramakrishnan, KK},
  journal   = {IEEE Transactions on Network and Service Management},
  volume    = {18},
  number    = {1},
  pages     = {656--671},
  year      = {2020},
  publisher = {IEEE}
}

@book{hausenblas2018container,
  title     = {Container Networking},
  author    = {Hausenblas, Michael},
  year      = {2018},
  publisher = {O'Reilly Media, Incorporated}
}

@inproceedings{budigiri2021network,
  title        = {Network policies in kubernetes: Performance evaluation and security analysis},
  author       = {Budigiri, Gerald and Baumann, Christoph and M{\"u}hlberg, Jan Tobias and Truyen, Eddy and Joosen, Wouter},
  booktitle    = {2021 Joint European Conference on Networks and Communications \& 6G Summit (EuCNC/6G Summit)},
  pages        = {407--412},
  year         = {2021},
  organization = {IEEE}
}

@inproceedings{qi2020understanding,
  title        = {Understanding container network interface plugins: design considerations and performance},
  author       = {Qi, Shixiong and Kulkarni, Sameer G and Ramakrishnan, KK},
  booktitle    = {2020 IEEE International Symposium on Local and Metropolitan Area Networks (LANMAN)},
  pages        = {1--6},
  year         = {2020},
  organization = {IEEE}
}

@online{cilium,
  title   = {Cilium},
  author  = {Cilium Developers},
  year    = {2023},
  url     = {https://cilium.io/},
  urldate = {2023-03-14}
}

@online{cilium-components,
  title   = {Component overview},
  author  = {Cilium Developers},
  year    = {2023},
  url     = {https://docs.cilium.io/en/v1.13/overview/component-overview/},
  urldate = {2023-04-12}
}

@online{cilium-policy-language,
  title   = {Component overview},
  author  = {Cilium Developers},
  year    = {2023},
  url     = {https://docs.cilium.io/en/v1.13/security/policy/language/},
  urldate = {2023-04-12}
}

@online{cilium-service-mesh,
  title   = {Cilium Service Mesh -- Everything You Need to Know},
  author  = {Graf, Thomas},
  year    = {2023},
  url     = {https://isovalent.com/blog/post/cilium-service-mesh/},
  urldate = {2023-04-12}
}

@online{cilium-proxy-free,
  title   = {Kubernetes Without kube-proxy},
  author  = {Cilium Developers},
  year    = {2023},
  url     = {https://docs.cilium.io/en/v1.13/network/kubernetes/kubeproxy-free},
  urldate = {2023-04-12}
}


@online{cilium-encryption,
  title   = {Transparent Encryption},
  author  = {Cilium Developers},
  year    = {2023},
  url     = {https://docs.cilium.io/en/v1.13/security/network/encryption/},
  urldate = {2023-04-12}
}

@online{cilium-tkng,
  title   = {Cilium},
  author  = {The Kubernetes Networking Guide},
  year    = {2023},
  url     = {https://www.tkng.io/cni/cilium/},
  urldate = {2023-03-14}
}

@online{calico,
  title   = {About Calico},
  author  = {Tigera},
  year    = {2023},
  url     = {https://docs.tigera.io/calico/3.25/about},
  urldate = {2023-04-13}
}

@online{calicoctl,
  title   = {Install calicoctl},
  author  = {Tigera},
  year    = {2023},
  url     = {https://docs.tigera.io/calico/3.25/operations/calicoctl/install},
  urldate = {2023-04-13}
}

@online{calico-network-policy,
  title   = {About Network Policy},
  author  = {Tigera},
  year    = {2023},
  url     = {https://docs.tigera.io/calico/latest/about/about-network-policy},
  urldate = {2023-04-13}
}

@online{calico-tkng,
  title   = {Calico},
  author  = {The Kubernetes Networking Guide},
  year    = {2023},
  url     = {https://www.tkng.io/cni/calico/},
  urldate = {2023-03-14}
}

@inproceedings{mccanne1993bsd,
  title     = {The BSD Packet Filter: A New Architecture for User-level Packet Capture.},
  author    = {McCanne, Steven and Jacobson, Van},
  booktitle = {USENIX winter},
  volume    = {46},
  year      = {1993}
}

@article{vieira2020fast,
  title     = {Fast packet processing with ebpf and xdp: Concepts, code, challenges, and applications},
  author    = {Vieira, Marcos AM and Castanho, Matheus S and Pac{\'\i}fico, Racyus DG and Santos, Elerson RS and J{\'u}nior, Eduardo PM C{\^a}mara and Vieira, Luiz FM},
  journal   = {ACM Computing Surveys (CSUR)},
  volume    = {53},
  number    = {1},
  pages     = {1--36},
  year      = {2020},
  publisher = {ACM New York, NY, USA}
}

@article{miano2021framework,
  title     = {A framework for eBPF-based network functions in an era of microservices},
  author    = {Miano, Sebastiano and Risso, Fulvio and Bernal, Mauricio V{\'a}squez and Bertrone, Matteo and Lu, Yunsong},
  journal   = {IEEE Transactions on Network and Service Management},
  volume    = {18},
  number    = {1},
  pages     = {133--151},
  year      = {2021},
  publisher = {IEEE}
}

@online{cloudflare-xdp,
  title   = {How to drop 10 million packets per second},
  author  = {Cloudflare},
  year    = {2018},
  url     = {https://blog.cloudflare.com/how-to-drop-10-million-packets/},
  urldate = {2023-03-15}
}

@inproceedings{hoiland2018express,
  title     = {The express data path: Fast programmable packet processing in the operating system kernel},
  author    = {H{\o}iland-J{\o}rgensen, Toke and Brouer, Jesper Dangaard and Borkmann, Daniel and Fastabend, John and Herbert, Tom and Ahern, David and Miller, David},
  booktitle = {Proceedings of the 14th international conference on emerging networking experiments and technologies},
  pages     = {54--66},
  year      = {2018}
}

@online{nsa-cisa-hardening,
  title   = {Kubernetes Hardening Guide},
  author  = {{National Security Agency (NSA)} and {Cybersecurity and Infrastructure Security Agency (CISA)}},
  year    = {2022},
  url     = {https://media.defense.gov/2022/Aug/29/2003066362/-1/-1/0/CTR_KUBERNETES_HARDENING_GUIDANCE_1.2_20220829.PDF},
  urldate = {2023-05-05}
}

@online{cilium-program-types,
  title   = {Program types},
  author  = {Cilium developers},
  year    = {2018},
  url     = {https://docs.cilium.io/en/latest/bpf/progtypes/},
  urldate = {2023-03-16}
}

@article{combe2016docker,
  title     = {To docker or not to docker: A security perspective},
  author    = {Combe, Theo and Martin, Antony and Di Pietro, Roberto},
  journal   = {IEEE Cloud Computing},
  volume    = {3},
  number    = {5},
  pages     = {54--62},
  year      = {2016},
  publisher = {IEEE}
}

@article{merkel2014docker,
  title   = {Docker: lightweight linux containers for consistent development and deployment},
  author  = {Merkel, Dirk and others},
  journal = {Linux j},
  volume  = {239},
  number  = {2},
  pages   = {2},
  year    = {2014}
}

@online{docker,
  title   = {Docker overview},
  author  = {Docker},
  year    = {2018},
  url     = {https://docs.docker.com/get-started/overview/},
  urldate = {2023-03-16}
}

@inproceedings{lin2018measurement,
  title     = {A measurement study on linux container security: Attacks and countermeasures},
  author    = {Lin, Xin and Lei, Lingguang and Wang, Yuewu and Jing, Jiwu and Sun, Kun and Zhou, Quan},
  booktitle = {Proceedings of the 34th Annual Computer Security Applications Conference},
  pages     = {418--429},
  year      = {2018}
}

@online{manpages-namespace,
  title   = {namespaces(7) — Linux manual page},
  author  = {Linux Developers},
  year    = {2023},
  url     = {https://man7.org/linux/man-pages/man7/namespaces.7.html},
  urldate = {2023-03-31}
}

@online{manpages-capabilities,
  title   = {capabilities(7) — Linux manual page},
  author  = {Linux Developers},
  year    = {2023},
  url     = {https://man7.org/linux/man-pages/man7/capabilities.7.html},
  urldate = {2023-03-31}
}

@online{manpages-seccomp,
  title   = {seccomp(2) — Linux manual page},
  author  = {Linux Developers},
  year    = {2023},
  url     = {https://man7.org/linux/man-pages/man2/seccomp.2.html},
  urldate = {2023-03-31}
}

@online{docker-security,
  title   = {Docker security},
  author  = {Docker},
  year    = {2023},
  url     = {https://docs.docker.com/engine/security/},
  urldate = {2023-03-31}
}

@online{docker-default-seccomp,
  title   = {Docker default Seccomp profile},
  author  = {Docker},
  year    = {2022},
  url     = {https://github.com/moby/moby/blob/23.0/profiles/seccomp/default.json},
  urldate = {2023-03-31}
}

@online{apparmor,
  title   = {AppArmor},
  author  = {AppArmor},
  year    = {2022},
  url     = {https://apparmor.net/},
  urldate = {2023-03-31}
}

@article{burns2016borg,
  title     = {Borg, Omega, and Kubernetes},
  author    = {Burns, Brendan and Grant, Brian and Oppenheimer, David and Brewer, Eric and Wilkes, John},
  journal   = {Communications of the ACM},
  volume    = {59},
  number    = {5},
  pages     = {50--57},
  year      = {2016},
  publisher = {ACM New York, NY, USA}
}

@inproceedings{burns2016design,
  title     = {Design patterns for container-based distributed systems},
  author    = {Burns, Brendan and Oppenheimer, David},
  booktitle = {8th $\{$USENIX$\}$ workshop on hot topics in cloud computing (HotCloud 16)},
  year      = {2016}
}


@online{istio,
  title   = {The Istio service mesh},
  author  = {Istio developers},
  year    = {2023},
  url     = {https://istio.io/latest/about/service-mesh/},
  urldate = {2023-04-06}
}

@online{sig-security-audit,
  title   = {Kubernetes 1.24 Security Audit},
  author  = {NCC Group},
  year    = {2023},
  url     = {https://github.com/kubernetes/sig-security/blob/62b73173ba034888e2c7ad82e76b5c3834c22d1f/sig-security-external-audit/security-audit-2021-2022/findings/Kubernetes%20v1.24%20Final%20Report.pdf},
  urldate = {2023-05-12}
}

@techreport{rose2020zero,
  title={Zero trust architecture},
  author={Rose, Scott and Borchert, Oliver and Mitchell, Stu and Connelly, Sean},
  year={2020},
  institution={National Institute of Standards and Technology}
}

@article{kerman2020implementing,
  title={Implementing a zero trust architecture},
  author={Kerman, Alper and Borchert, Oliver and Rose, Scott and Tan, Allen},
  journal={National Institute of Standards and Technology (NIST)},
  year={2020}
}

@techreport{shevchenko2018threat,
  title={Threat modeling: a summary of available methods},
  author={Shevchenko, Nataliya and Chick, Timothy A and O'Riordan, Paige and Scanlon, Thomas P and Woody, Carol},
  year={2018},
  institution={Carnegie Mellon University Software Engineering Institute Pittsburgh United~…}
}

@online{k8s-threat-matrix,
  title   = {Threat Matrix for Kubernetes},
  author  = {Microsoft},
  year    = {2023},
  url     = {https://microsoft.github.io/Threat-Matrix-for-Kubernetes/},
  urldate = {2023-05-24}
}

%%%%%%%%%%%%%%%%%%%%%%%%%%%%%%%%%%%%%%%%%%%%%%%%%%%%%%
% The most common BiBTeX entry types
%
%    * Article: An article from a journal or magazine.
%
%    * Book:  A book with an explicit publisher.
%
%    * Booklet:  A work that is printed and bound, but without
%               a named publisher or sponsoring institution.
%
%    * Conference: An article in the proceedings of a conference.
%                  This entry is identical to the 'inproceedings'
%                  entry and is included for compatibility with another
%                  text formatting system.
%
%    * Inbook: A part of a book, which may be a chapter and/or a
%              range of pages.
%
%    * Incollection: A part of a book having its own title.
%
%    * Inproceedings: An article in a conference proceedings.
%
%    * Manual: Technical documentation.
%
%    * Mastersthesis: A Master's thesis.
%
%    * Misc: This is used when other entries do not fit.
%
%    * Phdthesis: A PhD thesis.
%
%    * Proceedings: The proceedings of a conference.
%
%    * Techreport: A report published by a school or other institution,
%                  usually numbered within a series.
%
%    * Unpublished: A document having an author and title, but not
%                   formally published.
%
%
% There are a huge number of BiBTeX guides online, more or less official.
